<?xml version="1.0" encoding="UTF-8" ?>
<marc:collection xmlns:marc="http://www.loc.gov/MARC21/slim" xmlns:xsi="http://www.w3.org/2001/XMLSchema-instance" xsi:schemaLocation="http://www.loc.gov/MARC21/slim http://www.loc.gov/standards/marcxml/schema/MARC21slim.xsd">
	<marc:record>
	    <marc:leader>     nz   22     n  4500</marc:leader>
		<marc:controlfield tag="001">215</marc:controlfield>
		<marc:controlfield tag="005">19870121083133.6</marc:controlfield>
		<marc:controlfield tag="008">870121 n acanaabn          n aaa     u</marc:controlfield>
		<marc:datafield tag="010" ind1=" " ind2=" ">
			<marc:subfield code="a">ex 86114834 </marc:subfield>
		</marc:datafield>
		<marc:datafield tag="040" ind1=" " ind2=" ">
			<marc:subfield code="a">[organization code]</marc:subfield>
			<marc:subfield code="c">[organization code]</marc:subfield>
		</marc:datafield>
		<marc:datafield tag="100" ind1="1" ind2=" ">
			<marc:subfield code="a">Cameron, Simon</marc:subfield>
			<marc:subfield code="d">1799-1889</marc:subfield>
		</marc:datafield>
		<marc:datafield tag="670" ind1=" " ind2=" ">
			<marc:subfield code="a">NUCMC data from NJ Hist. Soc. for Bradley, J.P. Papers, 1836-1937</marc:subfield>
			<marc:subfield code="b">(Simon Cameron)</marc:subfield>
		</marc:datafield>
		<marc:datafield tag="670" ind1=" " ind2=" ">
			<marc:subfield code="a">LC data base, 1-21-87</marc:subfield>
			<marc:subfield code="b">(hdg.: Cameron, Simon, 1799-1889)</marc:subfield>
		</marc:datafield>
		<marc:datafield tag="670" ind1=" " ind2=" ">
			<marc:subfield code="a">DAB</marc:subfield>
			<marc:subfield code="b">(Cameron, Simon, 1799-1889; Sen. from Pa. (Republican boss); financier; Sec. War under Lincoln; Min. to Russia; s. Charles  Martha (Pfoutz) C.; newspaper editor; owner Harrisburg Republican; commis. to settle claims of Winnebago Indians; m. Margaret Brua; father of: J.D. Cameron (1833-1918)) </marc:subfield>
		</marc:datafield>
	</marc:record>