
	<marc:record>
    	<marc:leader>     nz   22     n  4500</marc:leader>
		<marc:controlfield tag="001">842</marc:controlfield>
		<marc:controlfield tag="005">19860107072428.3</marc:controlfield>
		<marc:controlfield tag="008">860107in acannaa n         sa ana     u</marc:controlfield>
		<marc:datafield tag="010" ind1=" " ind2=" ">
			<marc:subfield code="a">ex 82221219 </marc:subfield>
		</marc:datafield>
		<marc:datafield tag="040" ind1=" " ind2=" ">
			<marc:subfield code="a">[organization code]</marc:subfield>
			<marc:subfield code="c">[organization code]</marc:subfield>
		</marc:datafield>
		<marc:datafield tag="110" ind1="2" ind2=" ">
			<marc:subfield code="a">Oklahoma Council on Juvenile Delinquency</marc:subfield>
		</marc:datafield>
		<marc:datafield tag="410" ind1="1" ind2=" ">
			<marc:subfield code="a">Oklahoma.</marc:subfield>
			<marc:subfield code="b">Council on Juvenile Delinquency</marc:subfield>
		</marc:datafield>
		<marc:datafield tag="410" ind1="1" ind2=" ">
			<marc:subfield code="a">Oklahoma.</marc:subfield>
			<marc:subfield code="b">Oklahoma Council on Juvenile Delinquency</marc:subfield>
		</marc:datafield>
		<marc:datafield tag="510" ind1="2" ind2=" ">
			<marc:subfield code="w">a</marc:subfield>
			<marc:subfield code="a">Oklahoma Council on Juvenile Delinquency Planning</marc:subfield>
		</marc:datafield>
		<marc:datafield tag="510" ind1="2" ind2=" ">
			<marc:subfield code="w">a</marc:subfield>
			<marc:subfield code="a">Oklahoma Council on Juvenile Justice</marc:subfield>
		</marc:datafield>
		<marc:datafield tag="670" ind1=" " ind2=" ">
			<marc:subfield code="a">Oklahoma Council on Juvenile Delinquency Planning. Youth in trouble, 1971-1982 (a. e.)</marc:subfield>
			<marc:subfield code="b">v. 2, t.p. (Oklahoma Council on Juvenile Delinquency) v. 2, p. 3 (organized as Oklahoma Council on Juvenile Delinquency Planning in 1969)</marc:subfield>
		</marc:datafield>
		<marc:datafield tag="670" ind1=" " ind2=" ">
			<marc:subfield code="a">Oklahoma Council on Juvenile Justice. Report, 1983:</marc:subfield>
			<marc:subfield code="b">p. 5 (Oklahoma Council on Juvenile Justice ... previously the Oklahoma Council on Juvenile Delinquency)</marc:subfield>
		</marc:datafield>
	</marc:record>