
	<marc:record>
	    <marc:leader>     nz   22     n  4500</marc:leader>
		<marc:controlfield tag="001">5452</marc:controlfield>
		<marc:controlfield tag="005">19840607000000.0</marc:controlfield>
		<marc:controlfield tag="008">840607in acannaa n          ua ana     u</marc:controlfield>
		<marc:datafield tag="010" ind1=" " ind2=" ">
			<marc:subfield code="a">aex 82243908 </marc:subfield>
		</marc:datafield>
		<marc:datafield tag="040" ind1=" " ind2=" ">
			<marc:subfield code="a">[organization code]</marc:subfield>
			<marc:subfield code="c">[organization code]</marc:subfield>
		</marc:datafield>
		<marc:datafield tag="111" ind1="2" ind2=" ">
			<marc:subfield code="a">Canadian Arctic Expedition</marc:subfield>
			<marc:subfield code="d">(1913-1918)</marc:subfield>
		</marc:datafield>
		<marc:datafield tag="411" ind1="2" ind2=" ">
			<marc:subfield code="w">nnaa</marc:subfield>
			<marc:subfield code="a">Canadian Arctic Expedition,</marc:subfield>
			<marc:subfield code="d">1913-1918)</marc:subfield>
		</marc:datafield>
		<marc:datafield tag="670" ind1=" " ind2=" ">
			<marc:subfield code="a">Roberts, H. Eskimo songs, 1925:</marc:subfield>
			<marc:subfield code="b">t.p. (Canadian Arctic Expedition, 1913-1918)</marc:subfield>
		</marc:datafield>
		<marc:datafield tag="670" ind1=" " ind2=" ">
			<marc:subfield code="a">LC data base, 2/18/84</marc:subfield>
			<marc:subfield code="b">(hdg.: Canadian Arctic Expedition, 1913-1918)</marc:subfield>
		</marc:datafield>
		<marc:datafield tag="670" ind1=" " ind2=" ">
			<marc:subfield code="a">NLC, 3/1/84</marc:subfield>
			<marc:subfield code="b">(AACR 2: Canadian Arctic Expedition (1913-1918))</marc:subfield>
		</marc:datafield>
	</marc:record>