
	<marc:record>
	    <marc:leader>     nz   22     n  4500</marc:leader>
		<marc:controlfield tag="001">3232</marc:controlfield>
		<marc:controlfield tag="005">19860610134533.5</marc:controlfield>
		<marc:controlfield tag="008">860529 n acannaabn          fa ana     u u</marc:controlfield>
		<marc:datafield tag="010" ind1=" " ind2=" ">
			<marc:subfield code="a">ex 84112192 </marc:subfield>
		</marc:datafield>
		<marc:datafield tag="040" ind1=" " ind2=" ">
			<marc:subfield code="a">[organization code]</marc:subfield>
			<marc:subfield code="c">[organization code]</marc:subfield>
		</marc:datafield>
		<marc:datafield tag="151" ind1=" " ind2=" ">
			<marc:subfield code="a">Burkina Faso</marc:subfield>
		</marc:datafield>
		<marc:datafield tag="451" ind1=" " ind2=" ">
			<marc:subfield code="a">Burkina</marc:subfield>
		</marc:datafield>
		<marc:datafield tag="451" ind1=" " ind2=" ">
			<marc:subfield code="a">Bourkina</marc:subfield>
		</marc:datafield>
		<marc:datafield tag="451" ind1=" " ind2=" ">
			<marc:subfield code="a">Bourkina Fasso</marc:subfield>
		</marc:datafield>
		<marc:datafield tag="551" ind1=" " ind2=" ">
			<marc:subfield code="w">a</marc:subfield>
			<marc:subfield code="a">Upper Volta</marc:subfield>
		</marc:datafield>
		<marc:datafield tag="670" ind1=" " ind2=" ">
			<marc:subfield code="a">U.S. Dept. of State. Geographic note GE-198, 8/26/84</marc:subfield>
			<marc:subfield code="b">(as of 8/4/84 by presidential decree of Thomas Sankara, Republic of Upper Volta will henceforth be known as Burkina Faso; short form: Burkina; long form: Burkina Faso; inhabitants are called Burkinabe)</marc:subfield>
		</marc:datafield>
		<marc:datafield tag="670" ind1=" " ind2=" ">
			<marc:subfield code="a">BGN, 9/24/84</marc:subfield>
			<marc:subfield code="b">(Burkina [brief] Faso, name in effect 8/4/84 along with new flag, anthem; former name: Upper Volta)</marc:subfield>
		</marc:datafield>
		<marc:datafield tag="670" ind1=" " ind2=" ">
			<marc:subfield code="a">Washington Post, 8/3/84</marc:subfield>
			<marc:subfield code="b">(Upper Volta will change its name to Bourkina Fasso which means "country of incorruptible men")</marc:subfield>
		</marc:datafield>
	</marc:record>