
	<marc:record>
    	<marc:leader>     nz   22     n  4500</marc:leader>
		<marc:controlfield tag="001">2323</marc:controlfield>
		<marc:controlfield tag="005">19840322000000.0</marc:controlfield>
		<marc:controlfield tag="008">840322 acaaaaaan           a ana     u</marc:controlfield>
		<marc:datafield tag="010" ind1=" " ind2=" ">
			<marc:subfield code="a">ex 42032579 </marc:subfield>
		</marc:datafield>
		<marc:datafield tag="040" ind1=" " ind2=" ">
			<marc:subfield code="a">[organization code]</marc:subfield>
			<marc:subfield code="c">[organization code]</marc:subfield>
		</marc:datafield>
		<marc:datafield tag="130" ind1=" " ind2="0">
			<marc:subfield code="a">Bulletin (Ahmadu Bello University. Dept. of Geology)</marc:subfield>
		</marc:datafield>
		<marc:datafield tag="410" ind1="2" ind2=" ">
			<marc:subfield code="a">hmadu Bello University.$bDept. of Geology.</marc:subfield>
			<marc:subfield code="b">Dept. of Geology.</marc:subfield>
			<marc:subfield code="t">Bulletin</marc:subfield>
		</marc:datafield>
		<marc:datafield tag="646" ind1=" " ind2=" ">
			<marc:subfield code="a">s</marc:subfield>
			<marc:subfield code="5"></marc:subfield>
		</marc:datafield>
		<marc:datafield tag="644" ind1=" " ind2=" ">
			<marc:subfield code="a"></marc:subfield>
			<marc:subfield code="5">DLC</marc:subfield>
		</marc:datafield>
		<marc:datafield tag="646" ind1=" " ind2=" ">
			<marc:subfield code="a">f</marc:subfield>
			<marc:subfield code="5">DLC</marc:subfield>
		</marc:datafield>
		<marc:datafield tag="645" ind1=" " ind2=" ">
			<marc:subfield code="a">t</marc:subfield>
			<marc:subfield code="5">DLC</marc:subfield>
		</marc:datafield>
		<marc:datafield tag="642" ind1=" " ind2=" ">
			<marc:subfield code="a">v. 2, no. 1</marc:subfield>
			<marc:subfield code="5">DLC</marc:subfield>
		</marc:datafield>
		<marc:datafield tag="643" ind1=" " ind2=" ">
			<marc:subfield code="a">Zaria, Nigeria</marc:subfield>
			<marc:subfield code="b">Dept. of Geology of Ahmadu Bello University</marc:subfield>
		</marc:datafield>
		<marc:datafield tag="670" ind1=" " ind2=" ">
			<marc:subfield code="a">Kogbe, C.A. Geology of the south eastern (Sokoto) sector of the Iullemmeden Basin, 1979:</marc:subfield>
			<marc:subfield code="b">ser. t.p.</marc:subfield>
		</marc:datafield>
	</marc:record>