
	<marc:record>
	    <marc:leader>     nz   22     n  4500</marc:leader>
		<marc:controlfield tag="001">43432</marc:controlfield>
		<marc:controlfield tag="005">19860808072450.5</marc:controlfield>
		<marc:controlfield tag="008">860719in anannbabn           a ana     u</marc:controlfield>
		<marc:datafield tag="010" ind1=" " ind2=" ">
			<marc:subfield code="a">ex 86004405 </marc:subfield>
		</marc:datafield>
		<marc:datafield tag="040" ind1=" " ind2=" ">
			<marc:subfield code="a">[organization code]</marc:subfield>
			<marc:subfield code="c">[organization code]</marc:subfield>
		</marc:datafield>
		<marc:datafield tag="150" ind1=" " ind2=" ">
			<marc:subfield code="a">Optical disks</marc:subfield>
		</marc:datafield>
		<marc:datafield tag="450" ind1=" " ind2=" ">
			<marc:subfield code="a">Discs, Optical</marc:subfield>
		</marc:datafield>
		<marc:datafield tag="450" ind1=" " ind2=" ">
			<marc:subfield code="a">Disks, Optical</marc:subfield>
		</marc:datafield>
		<marc:datafield tag="450" ind1=" " ind2=" ">
			<marc:subfield code="a">Optical discs</marc:subfield>
		</marc:datafield>
		<marc:datafield tag="450" ind1=" " ind2=" ">
			<marc:subfield code="a">Laser discs</marc:subfield>
		</marc:datafield>
		<marc:datafield tag="450" ind1=" " ind2=" ">
			<marc:subfield code="a">Laser disks</marc:subfield>
		</marc:datafield>
		<marc:datafield tag="450" ind1=" " ind2=" ">
			<marc:subfield code="a">Laserdiscs</marc:subfield>
		</marc:datafield>
		<marc:datafield tag="450" ind1=" " ind2=" ">
			<marc:subfield code="a">Laserdisks</marc:subfield>
		</marc:datafield>
		<marc:datafield tag="550" ind1=" " ind2=" ">
			<marc:subfield code="w">g</marc:subfield>
			<marc:subfield code="a">Optical storage devices</marc:subfield>
		</marc:datafield>
		<marc:datafield tag="670" ind1=" " ind2=" ">
			<marc:subfield code="a">Work cat.: McQueen, J. Videodisc and optical digital disk technologies and their applications in libraries, 1986.</marc:subfield>
		</marc:datafield>
		<marc:datafield tag="670" ind1=" " ind2=" ">
			<marc:subfield code="a">Web. 3</marc:subfield>
			<marc:subfield code="b">(disk or disc)</marc:subfield>
		</marc:datafield>
		<marc:datafield tag="670" ind1=" " ind2=" ">
			<marc:subfield code="a">Library Literature</marc:subfield>
			<marc:subfield code="b">(Laser discs x Optical discs)</marc:subfield>
		</marc:datafield>
		<marc:datafield tag="670" ind1=" " ind2=" ">
			<marc:subfield code="a">McGraw-Hill dict. sci. tech.</marc:subfield>
			<marc:subfield code="b">(optical disk - a type of video disk storage device consisting of a pressed disk with a spiral groove at the bottom of which are submicrometer-sized depressions that are sensed by a laser beam.)</marc:subfield>
		</marc:datafield>
		<marc:datafield tag="670" ind1=" " ind2=" ">
			<marc:subfield code="a">LCIB thes.</marc:subfield>
			<marc:subfield code="b">(Optical disks, see Optical storage devices)</marc:subfield>
		</marc:datafield>
		<marc:datafield tag="670" ind1=" " ind2=" ">
			<marc:subfield code="a">Price, J. "The optical disk pilot program at the Library of Congress." Videodisc and optical disk: v. 4, Nov.-Dec. 1984: p. 424-432.</marc:subfield>
		</marc:datafield>
		<marc:datafield tag="670" ind1=" " ind2=" ">
			<marc:subfield code="a">O'Neill, S. "Optical disk technology." LC science tracer bullet TB 84-6.</marc:subfield>
		</marc:datafield>
		<marc:datafield tag="670" ind1=" " ind2=" ">
			<marc:subfield code="a">BPI</marc:subfield>
			<marc:subfield code="b">(Optical disks, see Optical storage devices)</marc:subfield>
		</marc:datafield>
		<marc:datafield tag="670" ind1=" " ind2=" ">
			<marc:subfield code="a">Random House</marc:subfield>
			<marc:subfield code="b">(Optical disk; Optical disc; also called Laser disk)</marc:subfield>
		</marc:datafield>
		<marc:datafield tag="670" ind1=" " ind2=" ">
			<marc:subfield code="a">Hennepin</marc:subfield>
			<marc:subfield code="b">(Optical discs x Laser discs)</marc:subfield>
		</marc:datafield>
		<marc:datafield tag="675" ind1=" " ind2=" ">
			<marc:subfield code="a">NCC thes. comput. terms;</marc:subfield>
			<marc:subfield code="b">NASA;$aIAD;</marc:subfield>
			<marc:subfield code="a">NCC thes. comput. terms;</marc:subfield>
			<marc:subfield code="b">BDNE2</marc:subfield>
		</marc:datafield>
	</marc:record>