
	<marc:record>
    	<marc:leader>     nz   22     n  4500</marc:leader>
		<marc:controlfield tag="001">3232</marc:controlfield>
		<marc:controlfield tag="005">19860423055828.0</marc:controlfield>
		<marc:controlfield tag="008">860423 n fnznnbabd           a ana     u</marc:controlfield>
		<marc:datafield tag="010" ind1=" " ind2=" ">
			<marc:subfield code="a">ex 88123456 </marc:subfield>
		</marc:datafield>
		<marc:datafield tag="040" ind1=" " ind2=" ">
			<marc:subfield code="a">[organization code]</marc:subfield>
			<marc:subfield code="c">[organization code]</marc:subfield>
		</marc:datafield>
		<marc:datafield tag="151" ind1=" " ind2=" ">
			<marc:subfield code="a">Great Lakes</marc:subfield>
		</marc:datafield>
		<marc:datafield tag="451" ind1=" " ind2=" ">
			<marc:subfield code="a">Regions of the United States</marc:subfield>
		</marc:datafield>
		<marc:datafield tag="680" ind1=" " ind2=" ">
			<marc:subfield code="i">This term is to be used only as a geographic descriptor and may not be subdivided. It may, however, be used to subdivide topical indexing terms. </marc:subfield>
		</marc:datafield>
	</marc:record>