
	<marc:record>
    	<marc:leader>     nz   22     n  4500</marc:leader>
		<marc:controlfield tag="001">2332321</marc:controlfield>
		<marc:controlfield tag="005">19790519201750.0</marc:controlfield>
		<marc:controlfield tag="008">790519nn bcnnnbbbn           n ann     u</marc:controlfield>
		<marc:datafield tag="010" ind1=" " ind2=" ">
			<marc:subfield code="a">ex 79373119 </marc:subfield>
		</marc:datafield>
		<marc:datafield tag="040" ind1=" " ind2=" ">
			<marc:subfield code="a">[organization code]</marc:subfield>
			<marc:subfield code="c">[organization code]</marc:subfield>
		</marc:datafield>
		<marc:datafield tag="111" ind1="2" ind2=" ">
			<marc:subfield code="a">Puebla</marc:subfield>
		</marc:datafield>
		<marc:datafield tag="666" ind1=" " ind2=" ">
			<marc:subfield code="a">Name used to refer to the 3rd Conferencia General del Episcopado Latinoamericano, held in Puebla, Mexico in 1979. Since this particular conference has come to be so well known books often refer to it simply as "Puebla", "Puebla '79", or "Puebla conference". </marc:subfield>
		</marc:datafield>
	</marc:record>