
	<marc:record>
	    <marc:leader>     nz   22     n  4500</marc:leader>
		<marc:controlfield tag="001">23116</marc:controlfield>
		<marc:controlfield tag="005">19860327111910.5</marc:controlfield>
		<marc:controlfield tag="008">860211nn cnznnbbba           n ann     u</marc:controlfield>
		<marc:datafield tag="010" ind1=" " ind2=" ">
			<marc:subfield code="a">ex 99123457 </marc:subfield>
		</marc:datafield>
		<marc:datafield tag="040" ind1=" " ind2=" ">
			<marc:subfield code="a"> [organization code]</marc:subfield>
			<marc:subfield code="c"> [organization code]</marc:subfield>
		</marc:datafield>
		<marc:datafield tag="150" ind1=" " ind2=" ">
			<marc:subfield code="a">Antiquities, Roman</marc:subfield>
		</marc:datafield>
		<marc:datafield tag="260" ind1=" " ind2=" ">
			<marc:subfield code="i">subdivision$aAntiquities, Roman</marc:subfield>
			<marc:subfield code="i">under names of countries, cities, etc.</marc:subfield>
		</marc:datafield>
	</marc:record>