
	<marc:record>
		<marc:leader>     nz   22     n  4500</marc:leader>
		<marc:controlfield tag="001">7787</marc:controlfield>
		<marc:controlfield tag="005">19860327145341.5</marc:controlfield>
		<marc:controlfield tag="008">860327 n anznnbabn           a ana     u</marc:controlfield>
		<marc:datafield tag="010" ind1=" " ind2=" ">
			<marc:subfield code="a">ex 99789465 </marc:subfield>
		</marc:datafield>
		<marc:datafield tag="040" ind1=" " ind2=" ">
			<marc:subfield code="a">[organization code]</marc:subfield>
			<marc:subfield code="c">[organization code]</marc:subfield>
			<marc:subfield code="f">[subject heading/thesaurus conventions code]</marc:subfield>
		</marc:datafield>
		<marc:datafield tag="151" ind1=" " ind2=" ">
			<marc:subfield code="a">Rome</marc:subfield>
			<marc:subfield code="x">Antiquities</marc:subfield>
		</marc:datafield>
		<marc:datafield tag="360" ind1=" " ind2=" ">
			<marc:subfield code="i">subdivision</marc:subfield>
			<marc:subfield code="a">Antiquities, Roman$iunder names of countries, cities, etc.</marc:subfield>
		</marc:datafield>
		<marc:datafield tag="450" ind1=" " ind2=" ">
			<marc:subfield code="a">Antiquities, Roman</marc:subfield>
		</marc:datafield>
		<marc:datafield tag="450" ind1=" " ind2=" ">
			<marc:subfield code="a">Roman antiquities</marc:subfield>
		</marc:datafield>
	</marc:record>