
	<marc:record>
		<marc:leader>     nz   22     n  4500</marc:leader>
		<marc:controlfield tag="001">75652</marc:controlfield>
		<marc:controlfield tag="005">19840420171725.0</marc:controlfield>
		<marc:controlfield tag="008">820106nn ccnnnbbb            n aan     u</marc:controlfield>
		<marc:datafield tag="010" ind1=" " ind2=" ">
			<marc:subfield code="a">ex 82000012 </marc:subfield>
		</marc:datafield>
		<marc:datafield tag="040" ind1=" " ind2=" ">
			<marc:subfield code="a">[organization code]</marc:subfield>
			<marc:subfield code="c">[organization code]</marc:subfield>
		</marc:datafield>
		<marc:datafield tag="100" ind1="1" ind2=" ">
			<marc:subfield code="a">Reger, Max,</marc:subfield>
			<marc:subfield code="d">1873-1916.</marc:subfield>
			<marc:subfield code="t">Dies irae</marc:subfield>
		</marc:datafield>
		<marc:datafield tag="664" ind1=" " ind2=" ">
			<marc:subfield code="a">For this movement included in the composer's unfinished Requiem search under</marc:subfield>
			<marc:subfield code="b">Reger, Max, 1873-1916.</marc:subfield>
			<marc:subfield code="t">Requiem (Mass)</marc:subfield>
		</marc:datafield>
	</marc:record>