
	<marc:record>
		<marc:leader>     nz   22     n  4500</marc:leader>
		<marc:controlfield tag="001">8645</marc:controlfield>
		<marc:controlfield tag="005">19860328161425.8</marc:controlfield>
		<marc:controlfield tag="008">860328nn gnznnbbba           n ann     u</marc:controlfield>
		<marc:datafield tag="010" ind1=" " ind2=" ">
			<marc:subfield code="a">ex 99037700 </marc:subfield>
		</marc:datafield>
		<marc:datafield tag="040" ind1=" " ind2=" ">
			<marc:subfield code="a">[organization code]</marc:subfield>
			<marc:subfield code="c">[organization code]</marc:subfield>
			<marc:subfield code="f">[subject heading/thesaurus conventions code]</marc:subfield>
		</marc:datafield>
		<marc:datafield tag="150" ind1=" " ind2=" ">
			<marc:subfield code="a">Disciples</marc:subfield>
		</marc:datafield>
		<marc:datafield tag="260" ind1=" " ind2=" ">
			<marc:subfield code="i">subdivision</marc:subfield>
			<marc:subfield code="a">Disciples</marc:subfield>
			<marc:subfield code="i">under names of individual persons</marc:subfield>
		</marc:datafield>
		<marc:datafield tag="780" ind1=" " ind2="7">
			<marc:subfield code="x">Disciples</marc:subfield>
			<marc:subfield code="2"> [source code] </marc:subfield>
		</marc:datafield>
	</marc:record>