
	<marc:record>
		<marc:leader>     nz   22     n  4500</marc:leader>
		<marc:controlfield tag="001">8542</marc:controlfield>
		<marc:controlfield tag="005">19920520103200.0</marc:controlfield>
		<marc:controlfield tag="008">731227 n dncnnbbba           a ann     u</marc:controlfield>
		<marc:datafield tag="010" ind1=" " ind2=" ">
			<marc:subfield code="a">ex 87000001 </marc:subfield>
		</marc:datafield>
		<marc:datafield tag="040" ind1=" " ind2=" ">
			<marc:subfield code="a">[organization code]</marc:subfield>
			<marc:subfield code="c">[organization code]</marc:subfield>
		</marc:datafield>
		<marc:datafield tag="073" ind1=" " ind2=" ">
			<marc:subfield code="a">A2</marc:subfield>
			<marc:subfield code="a">A3</marc:subfield>
			<marc:subfield code="a">A4</marc:subfield>
			<marc:subfield code="a">A5</marc:subfield>
			<marc:subfield code="a">A6</marc:subfield>
			<marc:subfield code="a">A7</marc:subfield>
			<marc:subfield code="a">A8</marc:subfield>
			<marc:subfield code="a">A9</marc:subfield>
			<marc:subfield code="a">A10</marc:subfield>
			<marc:subfield code="a">A11</marc:subfield>
			<marc:subfield code="a">A12</marc:subfield>
			<marc:subfield code="a">A13</marc:subfield>
			<marc:subfield code="a">A14</marc:subfield>
			<marc:subfield code="a">A15</marc:subfield>
			<marc:subfield code="a">A16</marc:subfield>
			<marc:subfield code="a">B1</marc:subfield>
			<marc:subfield code="a">B3</marc:subfield>
			<marc:subfield code="a">B4</marc:subfield>
			<marc:subfield code="a">B5</marc:subfield>
			<marc:subfield code="a">B6</marc:subfield>
			<marc:subfield code="a">D8</marc:subfield>
			<marc:subfield code="a">D12</marc:subfield>
			<marc:subfield code="a">G4</marc:subfield>
			<marc:subfield code="a">G5</marc:subfield>
			<marc:subfield code="a">G6</marc:subfield>
			<marc:subfield code="a">G7</marc:subfield>
			<marc:subfield code="a">G8</marc:subfield>
			<marc:subfield code="a">G9</marc:subfield>
			<marc:subfield code="a">G10</marc:subfield>
			<marc:subfield code="a">G11</marc:subfield>
			<marc:subfield code="a">G12</marc:subfield>
			<marc:subfield code="z">mesh</marc:subfield>
		</marc:datafield>
		<marc:datafield tag="100" ind1=" " ind2=" ">
			<marc:subfield code="x">drug effects</marc:subfield>
		</marc:datafield>
		<marc:datafield tag="480" ind1=" " ind2=" ">
			<marc:subfield code="x">DE</marc:subfield>
		</marc:datafield>
		<marc:datafield tag="667" ind1=" " ind2=" ">
			<marc:subfield code="a">subheading only; for effect of exogenously administered drugs and chemicals; includes their mechanism of action; see MeSH scope note in Introduction; indexing policy: Manual 19.8.24; DF: /drug eff or /DE</marc:subfield>
		</marc:datafield>
		<marc:datafield tag="680" ind1=" " ind2=" ">
			<marc:subfield code="i">Used with organs, regions, tissues, or organisms and physiological and psychological processes for the effects of drugs and chemicals.</marc:subfield>
		</marc:datafield>
		<marc:datafield tag="688" ind1=" " ind2=" ">
			<marc:subfield code="a">66; used with Category A, B and G 1966; A, B, F and G 1967-74; A, B, F1-2 and G4-11 1975-81; A, B1, B3-6, F1-2 and G4-11 1982; A, B1, B3-6, F1-2 and G4-12 1983-86; A, B1, B3-6, F1-2, G4-12, BLOOD PROTEINS+, DNA+ and RNA+ 1987-88; A, B1, B3-6, F1-2, G4-12, BLOOD PROTEINS+ and NUCLEIC ACIDS+ 1989; A2-16, B1, B3-6, D12 and G4-12 1990 forward </marc:subfield>
		</marc:datafield>
	</marc:record>