
	<marc:record>
		<marc:leader>     nz   22     n  4500</marc:leader>
		<marc:controlfield tag="001">12442</marc:controlfield>
		<marc:controlfield tag="005">19870323201700.0</marc:controlfield>
		<marc:controlfield tag="008">870323nn enrnnbbbn           n ann     u</marc:controlfield>
		<marc:datafield tag="010" ind1=" " ind2=" ">
			<marc:subfield code="a">ex 87051955 </marc:subfield>
		</marc:datafield>
		<marc:datafield tag="040" ind1=" " ind2=" ">
			<marc:subfield code="a">[organization code]</marc:subfield>
			<marc:subfield code="c">[organization code]</marc:subfield>
		</marc:datafield>
		<marc:datafield tag="150" ind1=" " ind2=" ">
			<marc:subfield code="a">catalogs by source</marc:subfield>
		</marc:datafield>
	</marc:record>