
	<marc:record>
		<marc:leader>     cz   22     n  4500</marc:leader>
		<marc:controlfield tag="001">6675</marc:controlfield>
		<marc:controlfield tag="005">19990128082638.0</marc:controlfield>
		<marc:controlfield tag="008">880607nneacnnnaaa n          a ana      </marc:controlfield>
		<marc:datafield tag="016" ind1=" " ind2=" ">
			<marc:subfield code="a">0060L1837F </marc:subfield>
		</marc:datafield>
		<marc:datafield tag="040" ind1=" " ind2=" ">
			<marc:subfield code="a">[organization code]</marc:subfield>
			<marc:subfield code="c">[organization code]</marc:subfield>
		</marc:datafield>
		<marc:datafield tag="110" ind1="2" ind2=" ">
			<marc:subfield code="a">Banque de Montréal.</marc:subfield>
			<marc:subfield code="b">Service des affaires publiques</marc:subfield>
		</marc:datafield>
		<marc:datafield tag="670" ind1=" " ind2=" ">
			<marc:subfield code="a">Schwarze, T.L. Learning strategies for Minding my own business, 1995:</marc:subfield>
			<marc:subfield code="b">p. de t.(Banque de Montréal, Service des affaires publiques)</marc:subfield>
		</marc:datafield>
		<marc:datafield tag="710" ind1="2" ind2="5">
			<marc:subfield code="a">Bank of Montreal.</marc:subfield>
			<marc:subfield code="b">Public Affairs Dept.</marc:subfield>
			<marc:subfield code="0">(CaOONL)0060L1837E </marc:subfield>
		</marc:datafield>
	</marc:record>
</marc:collection>
